@inproceedings{Yahoo:2016,
 author = {Nobata, Chikashi and Tetreault, Joel and Thomas, Achint and Mehdad, Yashar and Chang, Yi},
 title = {Abusive Language Detection in Online User Content},
 booktitle = {Proceedings of the 25th International Conference on World Wide Web},
 series = {WWW '16},
 year = {2016},
 isbn = {978-1-4503-4143-1},
 location = {Montr\&\#233;al, Qu\&\#233;bec, Canada},
 pages = {145--153},
 numpages = {9},
 url = {https://doi.org/10.1145/2872427.2883062},
 doi = {10.1145/2872427.2883062},
 acmid = {2883062},
 publisher = {International World Wide Web Conferences Steering Committee},
 address = {Republic and Canton of Geneva, Switzerland},
 keywords = {abusive language, discourse classification, hate speech, natural language processing, nlp, stylistic classification},
}

@article{Twitter:2017,
  author    = {Despoina Chatzakou and
               Nicolas Kourtellis and
               Jeremy Blackburn and
               Emiliano De Cristofaro and
               Gianluca Stringhini and
               Athena Vakali},
  title     = {Mean Birds: Detecting Aggression and Bullying on Twitter},
  journal   = {CoRR},
  volume    = {abs/1702.06877},
  year      = {2017},
  url       = {http://arxiv.org/abs/1702.06877},
  timestamp = {Wed, 01 Mar 2017 14:26:00 +0100},
  biburl    = {http://dblp.uni-trier.de/rec/bib/journals/corr/ChatzakouKBCSV17},
  bibsource = {dblp computer science bibliography, http://dblp.org}
}

@article{Distributed:2014,
  author    = {Quoc V. Le and
               Tomas Mikolov},
  title     = {Distributed Representations of Sentences and Documents},
  journal   = {CoRR},
  volume    = {abs/1405.4053},
  year      = {2014},
  url       = {http://arxiv.org/abs/1405.4053},
  timestamp = {Mon, 02 Jun 2014 08:30:36 +0200},
  biburl    = {http://dblp.uni-trier.de/rec/bib/journals/corr/LeM14},
  bibsource = {dblp computer science bibliography, http://dblp.org}
}
